% This file was created with JabRef 2.10.
% Encoding: Cp1252


@Article{a._awad,
  Title                    = {Data-Centric Cooperative Storage in Wireless Sensor Network},
  Author                   = {A. Awad, and R. Germany, and F. Dressler},
  Journal                  = {In 2nd International Symposium on Applied Sciences in Biomedical and Communication Technologies (ISABEL)},
  Year                     = {Nov. 2009},

  Owner                    = {530un},
  Timestamp                = {2014.11.24}
}

@Article{a._del_coso,
  Title                    = {Cooperative distributed MIMO channels in wireless sensor networks},
  Author                   = {A. Del Coso, and U. Spagnolini, and C. Ibars},
  Journal                  = {IEEE Journal on Selected Areas in Communications, vol. 25, no. 2, pp. 402–414},
  Year                     = {Feb. 2007},

  Owner                    = {530un},
  Timestamp                = {2014.11.24}
}

@Article{a._t._campbell,
  Title                    = {The rise of people-centric sensing},
  Author                   = {A. T. Campbell, and S. B. Eisenman, and N. D. Lane, and E. Miluzzo, and R. A. Peterson, and X. Zheng, and M. Musolesi, and K. Fodor, and G. Ahn},
  Journal                  = {Internet Computing, IEEE vol. 12, no. 4, pp. 12-21},
  Year                     = {Jul. 2008},

  Owner                    = {530un},
  Timestamp                = {2014.11.24}
}

@InProceedings{b._hull,
  Title                    = {CarTel: a distributed mobile sensor computing system},
  Author                   = {B. Hull, and B. Vladimir, and Y. Zhang, and K. Chen, and M. Goraczko, and A. Miu, and E. Shih, and H. Balakrishnan, and S. Madden},
  Booktitle                = {In Proceedings of the 4th international conference on Embedded network sensor systems, pp. 125-138, ACM},
  Year                     = {2006},

  Owner                    = {530un},
  Timestamp                = {2014.11.24}
}

@Article{d._a._jadhav,
  Title                    = {Air Pollution Monitoring System Using ZigBee and GPS Module},
  Author                   = {D. A. Jadhav, and S. A. Patane, and S. S. Nandarge, and V. V. Shimage, and A. A. Vanjari},
  Journal                  = {International Journal of Emerging Technologies and Advanced Engineering, vol. 3, no. 9, pp. 533-536},
  Year                     = {Sept. 2013},

  Owner                    = {530un},
  Timestamp                = {2014.11.24}
}

@Conference{d._hasenfratz,
  Title                    = {Participatory Air Pollution Monitoring Using Smartphones},
  Author                   = {D. Hasenfratz, and O. Saukh, and S. Sturzenegger, and L. Thiele},
  Booktitle                = {2nd International Workshop on Mobile Sensing},
  Year                     = {Apr. 2012},

  Owner                    = {530un},
  Timestamp                = {2014.11.24}
}

@Conference{f.-e._bai,
  Title                    = {Power-Efficient Zoning Clustering Algorithm for Wireless Sensor Networks},
  Author                   = {F.-E. Bai, and H.-H. Mou, and J. Sun},
  Booktitle                = {Information Engineering and Computer Science, ICIECS},
  Year                     = {2009},

  Owner                    = {530un},
  Timestamp                = {2014.11.24}
}

@Conference{g._barrenetxea,
  Title                    = {SensorScope: Out-of-the-Box Environmental Monitoring},
  Author                   = {G. Barrenetxea, and F. Ingelrest, and G. Schaefer, and M. Vetterli},
  Booktitle                = {In International Conference on Information Processing in Sensor Networks (IPSN), St. Louis, MO, pp. 332-343},
  Year                     = {Apr. 2008},

  Owner                    = {530un},
  Timestamp                = {2014.11.24}
}

@Article{k._g._sadik,
  Title                    = {A Survey on Energy Efficient Wireless Sensor Networks for Bicycle Performance Monitoring Applications},
  Author                   = {K. G. Sadik, and R. Nordin, and M. Ismail},
  Journal                  = {Journal of Sensors},
  Year                     = {Oct. 2014},

  Owner                    = {530un},
  Timestamp                = {2014.11.24}
}

@Article{k._k._khedo,
  Title                    = {A Wireless Sensor Network Air Pollution Monitoring System},
  Author                   = {K. K. Khedo, and R. Perseedoss, and A. Mungur},
  Journal                  = {International Journal of Wireless \& Mobile Networks (IJWMN), vol. 2, no. 2, pp. 31-45},
  Year                     = {May 2010},

  Owner                    = {530un},
  Timestamp                = {2014.11.24}
}

@Article{j-w._lee,
  Title                    = {Ant-colony-based scheduling algorithm for energy-efficient coverage of WSN},
  Author                   = {J-W. Lee and J. Lee},
  Journal                  = {Sensors Journal, IEEE, vol. 12, no. 10, pp. 3036-3046},
  Year                     = {Aug. 2012},

  Owner                    = {530un},
  Timestamp                = {2014.11.24}
}

@Article{m._razzaque,
  Title                    = {QoS-aware distributed adaptive cooperative routing in wireless sensor networks},
  Author                   = {M. Razzaque, and M. Ahmed, and C. Hong, and S. Lee},
  Journal                  = {Ad Hoc Networks 19, pp. 28-42},
  Year                     = {Aug. 2014},

  Owner                    = {530un},
  Timestamp                = {2014.11.24}
}

@InProceedings{s._devarakonda,
  Title                    = {Real-time Air Quality Monitoring Through Mobile Sensing in Metropolitan Areas},
  Author                   = {S. Devarakonda, and P. Sevusu, and H. Liu, and R. Liu, and L. Iftode, and B. Nath},
  Booktitle                = {In Proceeding of the 2nd ACM SIGKDD International Workshop on Urban Computing, pp. 15, ACM press},
  Year                     = {2013},

  Owner                    = {530un},
  Timestamp                = {2014.11.24}
}

@Article{v._kumar,
  Title                    = {Energy efficient clustering algorithms in wireless sensor networks: A survey},
  Author                   = {V. Kumar, and S. Jain, and S. Tiwari},
  Journal                  = {IJCSI International Journal of Computer Science Issues, vol. 8.5, no. 5, pp. 259-268},
  Year                     = {Sept. 2011},

  Owner                    = {530un},
  Timestamp                = {2014.11.24}
}

@InProceedings{w._tsujita,
  Title                    = {Dynamic Gas Sensor Network for Air Pollution Monitoring and Its Auto-Calibration},
  Author                   = {W. Tsujita, and H. Ishida, and T. Moriizumi},
  Booktitle                = {In Proceedings of the IEEE Sensors 2004, Vienna, Austria, pp. 56-59},
  Year                     = {Oct. 2004},

  Owner                    = {530un},
  Timestamp                = {2014.11.24}
}

@Article{y._ma,
  Title                    = {Air Pollution Monitoring and Mining Based on Sensor Grid in London},
  Author                   = {Y. Ma, and M. Richards, and M. Ghanem, and Y. Guo, and J. Hassard},
  Journal                  = {Sensors, vol. 8, no. 6, pp. 3601-3623},
  Year                     = {Jun. 2008},

  Owner                    = {530un},
  Timestamp                = {2014.11.24}
}

@InProceedings{z._ruan,
  Title                    = {Wireless Sensor Network Deployment in Mobile Phones Assisted Environment},
  Author                   = {Z. Ruan, and E C.-H. Ngai, and J. Liu},
  Booktitle                = {In Proc. of IEEE IWQoS},
  Year                     = {Jun. 2010},

  Owner                    = {530un},
  Timestamp                = {2014.11.24}
}

@Electronic{american_lung_association.a,
  Title                    = {COPD},
  Organization             = {American Lung Association},
  Url                      = {http://www.lung.org/lung-disease/copd/},

  Owner                    = {530un},
  Timestamp                = {2014.11.24}
}

@Electronic{american_lung_association.b,
  Title                    = {Making the Connection - Asthma and Air Quality},
  Organization             = {American Lung Association},
  Url                      = {http://www.lung.org/about-us/our-impact/top-stories/making-the-connection-asthma-and-air-quality.html},

  Owner                    = {530un},
  Timestamp                = {2014.11.24}
}

@Electronic{us_environmental_protection_agency,
  Title                    = {What Are the Six Common Air Pollutants},
  Organization             = {US Environmental Protection Agency},
  Url                      = {http://www.epa.gov/air/urbanair/},

  Owner                    = {530un},
  Timestamp                = {2014.11.24}
}

@Electronic{usc_news,
  Title                    = {USC study shows asthmatic kids hardest hit by air pollution},
  Organization             = {USC News},
  Url                      = {http://news.usc.edu/#!/article/8446/USC-study-shows-Asthmatic-kids-hardest-hit-by-air-pollution/},

  Owner                    = {530un},
  Timestamp                = {2014.11.24}
}

@Electronic{us_census_bureau,
  Title                    = {Statistical Abstract of the United States},
  Month                    = {Feb},
  Organization             = {US Census Bureau},
  Url                      = {http://www.census.gov/compendia/statab/2012/tables/12s0029.pdf},
  Year                     = {2014},

  Owner                    = {530un},
  Timestamp                = {2014.11.24}
}

